@article{Ong2005,
author = {Ong, Sylvie C W and Ranganath, Surendra},
doi = {10.1109/TPAMI.2005.112},
issn = {0162-8828},
journal = {IEEE transactions on pattern analysis and machine intelligence},
month = jun,
number = {6},
pages = {873--91},
pmid = {15943420},
title = {{Automatic sign language analysis: a survey and the future beyond lexical meaning.}},
url = {http://www.ncbi.nlm.nih.gov/pubmed/15943420},
volume = {27},
year = {2005}
}

@article{Sidik2011,
author = {Sidik, Mohd Kufaisal Bin Mohd and Sunar, Mohd Shahrizal Bin and Ismail, Ismahafezi Bin and Mokhtar, Mohd Khalid Bin and Jusoh, Normal Binti Mat},
doi = {10.1109/DMDCM.2011.26},
isbn = {978-1-4577-0271-6},
journal = {2011 Workshop on Digital Media and Digital Content Management},
keywords = {-human},
month = may,
pages = {97--102},
publisher = {Ieee},
title = {{A Study on Natural Interaction for Human Body Motion Using Depth Image Data}},
url = {http://ieeexplore.ieee.org/lpdocs/epic03/wrapper.htm?arnumber=5959664},
volume = {2},
year = {2011}
}

@electronic{Steakley2011,
author={Steakley, L.},
title={Canadian hospital tests Kinect in the operating room.},
year={2011},
month={March},
url={http://scopeblog.stanford.edu/archives/2011/03/kinect-in-the-operating-room.html}
}

@article{Wang2002,
author = {Wang, Hongan and Dai, Guozhong},
doi = {10.1109/CSCWD.2002.1047684},
isbn = {85-285-0050-0},
journal = {The 7th International Conference on Computer Supported Cooperative Work in Design},
pages = {205--209},
publisher = {Coppe/Ufrj},
title = {{A gesture language for collaborative conceptual design}},
url = {http://ieeexplore.ieee.org/lpdocs/epic03/wrapper.htm?arnumber=1047684},
year={2002}
}

@article{Wojciechowski,
author = {Adam Wojciechowski},
title = {Hand’s poses recognition as a mean of communication within natural user interfaces},
journal = {Bulletin of the Polish Academy of Sciences, Technical Sciences},
volume = {60},
number = {2},
pages = {331--336}
}

@inproceedings{Petersen2009,
address = {Orlando},
author = {Petersen, Nils and Stricker, Didier},
booktitle = {IEEE International Symposium on Mixed and Augmented Reality},
isbn = {9781424454198},
pages = {23--26},
publisher = {IEEE},
title = {{Continuous natural user interface: Reducing the gap between real and digital world}},
url = {http://ieeexplore.ieee.org/xpls/abs\_all.jsp?arnumber=5336502},
year = {2009}
}


@inproceedingd{krolak2008,
author={Aleksandra Królak and Paweł Strumiłło},
title={Wizyjny system monitorowania mrugania powiekami w zastosowaniach interfejsów człowiek-komputer},
booktitle={XV Krajowa Konferencja Naukowa Biocybernetyka i Inżynieria Biomedyczna [Dokument elektroniczny]},
year={2008}
}

@article{Norman2010,
author = {Norman, D.A.},
journal = {interactions},
pages = {6--10},
title = {{Natural user interfaces are not natural}},
url = {http://dl.acm.org/citation.cfm?id=1744163},
journal = {interactions},
year = {2010},
issn = {1072-5520},
volume = {17},
number = {3},
issue_date = {May + June 2010},
publisher = {ACM},
address = {New York, NY, USA}
}

@inproceedings{Liu2009,
author = {Liu, S.S. and Tian, Y.T. and Li, Dong},
booktitle = {International Conference on Machine Learning and Cybernetics},
isbn = {9781424437030},
number = {July},
pages = {1150--1155},
publisher = {IEEE},
title = {{New research advances of facial expression recognition}},
url = {http://ieeexplore.ieee.org/xpls/abs\_all.jsp?arnumber=5212409},
volume = {2},
year = {2009}
}

@electronics{Gallagher2010,
author={Garratt Gallagher},
organization={Massachusetts Institute of Technology Computer Science and Artificial Intelligence Laboratory },
title={Kinect Hand Detection},
year={2010}
}

@article{Fasel2003,
author = {Fasel, B. and Luettin, Juergen},
doi = {10.1016/S0031-3203(02)00052-3},
issn = {00313203},
journal = {Pattern Recognition},
month = jan,
number = {1},
pages = {259--275},
publisher = {Elsevier},
title = {{Automatic facial expression analysis: a survey}},
url = {http://linkinghub.elsevier.com/retrieve/pii/S0031320302000523 http://www.sciencedirect.com/science/article/pii/S0031320302000523},
volume = {36},
year = {2003}
}

@inproceedings{Fang2011,
author = {Fang, T and Zhao, X and Ocegueda, O and Shah, SK and Kakadiaris, IA},
booktitle = {IEEE International Conference on Automatic Face \& Gesture Recognition Workshops FG 2011},
pages = {603--610},
publisher = {IEEE},
title = {{3D facial expression recognition: A perspective on promises and challenges}},
url = {http://ieeexplore.ieee.org/xpls/abs\_all.jsp?arnumber=5771466},
year = {2011}
}

@inproceedings{Rego2011,
author = {Rego, PA and Moreira, PM and Reis, LP},
booktitle = {6th Iberian Conference on Information Systems and Technologies CISTI 2011},
title = {Natural user interfaces in serious games for rehabilitation},
publisher = {IEEE},
year = {2011}
}

@article{Li2000,
author = {Li, K. et al.},
doi = {10.1109/38.851747},
issn = {02721716},
journal = {IEEE Computer Graphics and Applications},
number = {4},
pages = {29--37},
title = {{Building and using a scalable display wall system}},
url = {http://ieeexplore.ieee.org/lpdocs/epic03/wrapper.htm?arnumber=851747},
volume = {20},
year = {2000}
}

@article{Chang2011,
author = {Chang, Yao-Jen and Chen, Shu-Fang and Huang, Jun-Da},
doi = {10.1016/j.ridd.2011.07.002},
isbn = {9781450309196},
issn = {1873-3379},
journal = {Research in developmental disabilities},
month = dec,
number = {6},
pages = {2566--70},
pmid = {21784612},
title = {{A Kinect-based system for physical rehabilitation: a pilot study for young adults with motor disabilities.}},
url = {http://www.ncbi.nlm.nih.gov/pubmed/21784612},
volume = {32},
year = {2011}
}

@misc{kinectEffect,
title={The Kinect Effect. How the world is using kinect.},
year={2011},
howpublished={http://www.xbox.com/en-US/Kinect/Kinect-Effect}
}

@inproceedings{Liu2010b,
author = {Liu, Weiyuan},
booktitle = {IEEE 11th International Conference on Computer-Aided Industrial Design \& Conceptual Design (CAIDCD)},
isbn = {9781424479740},
pages = {203--205},
publisher = {IEEE},
title = {{Natural user interface-next mainstream product user interface}},
volume = {1},
year = {2010}
}

@Misc{Han2006,
author = {Jefferson Han},
title = {TED 2006: Multi-touch interaction experiments},
howpublished = {TED Conference},
month = {February},
year = {2006},
}

@article{Marnik2003,
author = {Marnik, Joanna},
number = {12},
pages = {51--66},
title = {{Rozpoznawanie znak\'{o}w polskiego alfabetu palcowego}},
year = {2003}
}

@electronic{Challinor2011,
howpublished={http://synapsekinect.tumblr.com/},
author={Ryan Challinor},
year={2011},
title={SYNAPSE}
}

@inproceedings{Lee2007,
author = {Lee, Cheongjae and Lee, Gary Geunbae},
booktitle = {16th IEEE International Conference on Robot \& Human Interactive Communication},
pages = {798--801},
title = {Emotion recognition for affective user interfaces using natural language dialogs},
year = {2007}
}

@inproceedings{Malcangi2011,
address = {San Jose},
author = {Malcangi, M},
booktitle = {International Joint Conference on Neural Networks},
isbn = {9781424496372},
pages = {867--871},
publisher = {IEEE},
title = {{Smart recognition and synthesis of emotional speech for embedded systems with natural user interfaces}},
url = {http://ieeexplore.ieee.org/xpls/abs\_all.jsp?arnumber=6033312},
year = {2011}
}

@electronic{Akerman2011,
howpublished={http://venturebeat.com/2011/11/29/kinect-2-will-be-so-accurate-it-can-lip-read/},
title={Kinect 2 may be so accurate it can lip read},
autor={Nick Akerman},
year={2011},
month={november}
}

@electronic{Veltrop2011,
author={Taylor Veltrop},
howpublished={http://www.youtube.com/watch?v=TmTW61MLm68},
title={Improved Humanoid Robot Teleoperation with NAO and Kinect},
year={2011}
}

@electronic{Lee2008,
author={Johnny Chung Lee},
organization={Google Corp.},
howpublished={http://www.youtube.com/watch?v=5s5EvhHy7eQ},
title={Low-Cost Multi-touch Whiteboard using the Wiimote},
year={2008}
}

@phdthesis{Myslinski2009,
author = {My\'{s}liński, Szymon and Flasiński, Mariusz},
school = {AKADEMIA G\'{O}RNICZO-HUTNICZA IM. STANISŁAWA STASZICA W KRAKOWIE},
title = {{Rozpoznawanie obraz\'{o}w dłoni za pomocą gramatyk klasy ETPL ( k ) w systemach wizyjnych analizy języka migowego.}},
url = {http://winntbg.bg.agh.edu.pl/rozprawy2/10127/full10127.pdf},
year = {2009}
}

@inproceedings{Loureiro2011,
author = {Loureiro, Bruno and Rodrigues, Rui},
booktitle = {6th Iberian Conference on Information Systems and Technologies CISTI 2011},
pages = {1--6},
publisher = {IEEE},
title = {{Multi-touch as a Natural User Interface for elders: A survey}},
year = {2011}
}

@inproceedings{Rauterberg1997,
author = {Rauterberg, Matthias and Bichsel, M and Meier, M and Fjeld, M},
booktitle = {IEEE International Workshop on Robot and Human Communication},
pages = {212--217},
publisher = {IEEE},
title = {A gesture based interaction technique for a planning tool for construction and design},
year = {1997}
}

@inproceedings{Rauterberg1996,
author = {Rauterberg, Matthias and Mauch, T. and Stebler, R.},
booktitle = {IEEE International Workshop on Robot and Human Communication},
isbn = {0780332539},
pages = {410--415},
publisher = {IEEE},
title = {{The Digital Playing Desk: a case study for augmented reality}},
year = {1996}
}
@inproceedings{Rauterberg1996a,
author = {Rauterberg, Matthias and Steiger, Patrick},
booktitle = {IEEE International Conference on Systems, Man, and Cybernetics},
isbn = {0780332806},
pages = {2805--2810},
publisher = {IEEE},
title = {{Pattern recognition as a key technology for the next generation of user interfaces}},
volume = {4},
year = {1996}
}

@misc{wiibrew,
howpublished={http://wiibrew.org/wiki/Wiimote}
}

@article{Jr2011,
author = {{Laviola Jr}, Joseph J and Keefe, Daniel F},
journal = {Interfaces},
title = {{3D Spatial Interaction : Applications for Art , Design , and Science}},
year = {2011}
}

@misc{Radzienski2007,
howpublished={http://atol.am.gdynia.pl/tc/Radzienski/scienianie.htm},
author={Radzieński, Maciej},
year={2007},
title={Cyfrowe przetwarzanie obrazów},
publisher = {Akademia Morska w Gdynii}
}

@MastersThesis{Szokal2009,
author = {Szokal-Egird, Krzysztof},
title = {Budowa interaktywnej tablicy dla platform e-learningowej na baize kontrolera Nintendo Wii Remote},
school = {Lodz University of Technology Institute of Computer Science},
year = {2009},
}
