@article{Asteriadis2013,
address = {New York, New York, USA},
author = {Asteriadis, Stylianos and Chatzitofis, Anargyros and Zarpalas, Dimitrios and Alexiadis, Dimitrios S. and Daras, Petros},
journaltitle = {Proceedings of the 6th International Conference on Computer Vision / Computer Graphics Collaboration Techniques and Applications - MIRAGE '13},
doi = {10.1145/2466715.2466727},
pages = {1-6},
publisher = {ACM Press},
title = {{Estimating human motion from multiple Kinect sensors}},
year = {2013}
}
@article{Bo2011a,
author = {Bo, Antonio Padilha Lanari and Hayashibe, Mitsuhiro and Poignet, Philippe},
journaltitle = {2011 Annual International Conference of the IEEE Engineering in Medicine and Biology Society},
doi = {10.1109/IEMBS.2011.6090940},
pages = {3479-3483},
publisher = {IEEE},
title = {{Joint angle estimation in rehabilitation with inertial sensors and its integration with Kinect}},
volume = {2011},
year = {2011}
}
@article{Destelle2014,
address = {Lisbon},
author = {Destelle, F. and Ahmadi, A. and O'Connor, N.E. E and Moran, K. and Chatzitofis, A. and Zarpalas, D. and Daras, P.},
journaltitle = {European Signal Processing Conference},
pages = {371-375},
title = {{Low-cost accurate skeleton tracking based on fusion of kinect and wearable inertial sensors}},
year = {2014}
}
@article{Kalkbrenner2014,
author = {Kalkbrenner, Christoph and Hacker, Steffen and Algorri, Maria-elena and Blechschmidt-trapp, Ronald},
journaltitle = {Proceedings of the International Conference on Biomedical Electronics and Devices},
doi = {10.5220/0004787601200126},
pages = {120-126},
publisher = {SCITEPRESS - Science and and Technology Publications},
title = {{Motion capturing with inertial measurement units and Kinect - tracking of limb movement using optical and orientation information}},
year = {2014}
}
@article{Kitsikidis2011,
author = {Kitsikidis, Alexandros and Dimitropoulos, Kosmas and Douka, Stella and Grammalidis, Nikos},
journaltitle = {2014 International Conference on Computer Vision Theory and Applications (VISAPP)},
pages = {789-795},
title = {{Dance analysis using multiple Kinect sensors}},
year = {2014}
}
@report{Schroder2011,
address = {Braunschweig},
author = {Schroder, Yannic and Scholz, Alexander and Berger, Kai and Ruhl, Kai and Guthe, Stefan and Magnor, Marcus},
journaltitle = {Computer Graphics Lab},
institution = {Technische Universit{\"{a}}t Braunschweig},
pages = {1-30},
title = {{Multiple Kinect studies}},
year = {2011}
}
@article{Murray-Smith2014,
author = {{Shimin Feng} and Murray-Smith, Roderick},
journaltitle = {IET Conference on Data Fusion and Target Tracking 2014: Algorithms and Applications},
doi = {10.1049/cp.2014.0527},
pages = {1-9},
publisher = {Institution of Engineering and Technology},
title = {{Fusing Kinect sensor and inertial sensors with multi-rate Kalman filter}},
year = {2014}
}
@patent{patent:20080106746,
author = {Shpunt, Alexander and Petah, Tikva and Zalevsky, Zeev and Rosh, Ha'ayin},
number = {20080106746},
pages = {1-16},
title = {{Depth-varying light fields for three dimensional sensing}},
url = {https://goo.gl/RVwHfU},
year = {2008}
}
@patent{patent:20100020078,
author = {Shpunt, Alexander},
number = {20100020078},
pages = {1-11},
title = {{Depth mapping using multi-beam illumination}},
url = {https://goo.gl/ViFu8B},
year = {2010}
}
@online{reichinger2011,
author = {Reichinger, Andreas},
title = {{Kinect pattern uncovered}},
url = {https://goo.gl/DOqRxZ}
year = {2011}
}
@article{DiFilippo2015,
author = {DiFilippo, Nicholas M and Jouaneh, Musa K},
doi = {10.1109/JSEN.2015.2422611},
journaltitle = {IEEE Sensors Journal},
number = {8},
pages = {4554-4564},
title = {{Characterization of different Microsoft Kinect sensor models}},
volume = {15},
year = {2015}
}
@article{Fofi2004,
author = {Fofi, David and Sliwa, Tadeusz and Voisin, Yvon},
journaltitle = {SPIE Machine Vision Applications in Industrial Inspection XII},
doi = {10.1117/12.525369},
editor = {Price, Jeffery R. and Meriaudeau, Fabrice},
pages = {1-90},
title = {{A comparative survey on invisible structured light}},
year = {2004}
}
@patent{patent:20100118123,
author = {Freedman, Barak and Shpunt, Alexander and Machline, Meir and Yoel, Arieli},
title = {{Depth mapping using projected patterns}},
url = {https://goo.gl/RRA8zF},
year = {2010}
}
@article{Johansson1973,
author = {Johansson, Gunnar},
doi = {10.3758/BF03212378},
journaltitle = {Perception and Psychophysics},
number = {2},
pages = {201-211},
title = {{Visual perception of biological motion and a~model for its analysis}},
year = {1973}
}
@article{Gonzalez-Jorge2013,
author = {Gonzalez-Jorge, H. and Riveiro, B. and Vazquez-Fernandez, E. and Mart{\'{i}}nez-S{\'{a}}nchez, J. and Arias, P.},
doi = {10.1016/j.measurement.2013.01.011},
journaltitle = {Measurement},
number = {6},
pages = {1800--1806},
title = {{Metrological evaluation of Microsoft Kinect and Asus Xtion sensors}},
volume = {46},
year = {2013}
}
@article{Rzeszotarski2006,
author = {Rzeszotarski, Dariusz and Strumiłło, Paweł and Pełczyński, Paweł and Więcek, Bogusław and Lorenc, Andrzej},
journaltitle = {Elektronika : prace naukowe},
pages = {165-184},
title = {{System obrazowania stereoskopowego sekwencji scen trójwymiarowych}},
volume = {10},
year = {2005}
}
@article{Shotton2011a,
archivePrefix = {arXiv},
arxivId = {1111.6189v1},
author = {Shotton, J and Fitzgibbon, A W and Cook, M and Sharp, T and Finocchio, M and Moore, R and Kipman, A and Blake, A},
doi = {10.1007/978-3-642-28661-2-5},
eprint = {1111.6189v1},
journaltitle = {IEEE Conference on Computer Vision and Pattern Recognition (CVPR)},
pages = {1297-1304},
title = {{Real-time human pose recognition in parts from single depth images}},
year = {2011}
}
@article{Shotton2011a,
archivePrefix = {arXiv},
arxivId = {1111.6189v1},
author = {Shotton, Jamie and Sharp, Toby and Kipman, Alex and Fitzgibbon, Andrew and Finocchio, Mark and Blake, Andrew and Cook, Mat and Moore, Richard},
doi = {10.1145/2398356.2398381},
eprint = {1111.6189v1},
file = {:C$\backslash$:/Users/GLONEKG/AppData/Local/Mendeley Ltd./Mendeley Desktop/Downloaded/Shotton et al. - 2011 - Real-time human pose recognition in parts from single depth images.pdf:pdf},
isbn = {9783642286605},
issn = {00010782},
journal = {Communications of the ACM},
keywords = {dblp},
mendeley-groups = {iccvg,sensors},
month = {jan},
number = {1},
pages = {116},
pmid = {23109523},
title = {{Real-time human pose recognition in parts from single depth images}},
url = {http://dl.acm.org/citation.cfm?doid=2398356.2398381},
volume = {56},
year = {2013}
}
@article{Chang2011,
author = {Chang, Yao-Jen and Chen, Shu-Fang and Huang, Jun-Da},
doi = {10.1016/j.ridd.2011.07.002},
journaltitle = {Research in Developmental Disabilities},
number = {6},
pages = {2566--2570},
title = {{A Kinect-based system for physical rehabilitation: A pilot study for young adults with motor disabilities}},
volume = {32},
year = {2011}
}
@article{Schneider2006,
author = {Gebhardt, S. and Scheinert, G. and Uhlmann, F. H.},
journaltitle = {INFORMATION TECHNOLOGY AND ELECTRICAL ENGINEERING - DEVICES AND SYSTEMS, MATERIALS AND TECHNOLOGIES FOR THE FUTURE},
number = {September},
pages = {11--15},
title = {{Temperature influence on capacitive sensor structures}},
year = {2006}
}
@article{Khoshelham2012,
author = {Khoshelham, Kourosh and Elberink, Sander Oude},
doi = {10.3390/s120201437},
journaltitle = {Sensors},
number = {12},
pages = {1437--1454},
title = {{Accuracy and Resolution of Kinect Depth Data for Indoor Mapping Applications}},
volume = {12},
year = {2012}
}
@article{Skalski2015,
author = {Skalski, Andrzej and Machura, Bartosz},
doi = {10.1515/mms-2015-0050},
journaltitle = {Metrology and Measurement Systems},
number = {4},
pages = {469--478},
title = {{Metrological analysis of microsoft kinect in the context of object localization}},
volume = {22},
year = {2015}
}
@article{Madgwick2011,
author = {Madgwick, Sebastian O H and Harrison, Andrew J L and Vaidyanathan, Ravi},
doi = {10.1109/ICORR.2011.5975346},
journaltitle = {IEEE International Conference on Rehabilitation Robotics},
pages = {179-185},
title = {{Estimation of IMU and MARG orientation using a~gradient descent algorithm}},
year = {2011}
}
@article{Armstrong1992,
author = {Armstrong, J. Scott and Collopy, Fred},
doi = {10.1016/0169-2070(92)90008-W},
journaltitle = {International Journal of Forecasting},
number = {1},
pages = {69--80},
title = {{Error measures for generalizing about forecasting methods: Empirical comparisons}},
volume = {8},
year = {1992}
}
@online{stack:kinect2011,
author = {{Stackoverflow Community}},
title = {{Precision of the kinect depth camera}},
url = {https://goo.gl/x4jWoX}
}

@article{Grigorie1996,
author = {Grigorie, M and de Raad, C and Krummenacher, F and Enz, C},
journaltitle = {Proceedings of the 22nd European Solid-State Circuits Conference, 1996. ESSCIRC '96.},
pages = {388--391},
title = {{Analog Temperature Compensation for Capacitive Sensor Interfaces}},
year = {1996}
}
@article{Tannous2016,
author = {Tannous, Halim and Istrate, Dan and Benlarbi-Delai, Aziz and Sarrazin, Julien and Gamet, Didier and {Ho Ba Tho}, Marie and Dao, Tien},
doi = {10.3390/s16111914},
journaltitle = {Sensors},
number = {11},
pages = {1914},
title = {{A New Multi-Sensor Fusion Scheme to Improve the Accuracy of Knee Flexion Kinematics for Functional Rehabilitation Movements}},
volume = {16},
year = {2016}
}
@article{Shotton2008,
journaltitle = {2008 IEEE Conference on Computer Vision and Pattern Recognition},
doi = {10.1109/CVPR.2008.4587503},
month = {jun},
pages = {1--8},
title = {{Semantic texton forests for image categorization and segmentation}},
year = {2008}
}
@article{Dunn2011,
author = {Dunn, Fletcher and Parberry, Ian},
journaltitle = {3D Math Primer for Graphics and Game Development, 2nd Edition},
chapter = {8},
doi = {10.1201/b11152-9},
edition = {2},
month = {nov},
pages = {217--294},
title = {{Rotation in Three Dimensions}},
year = {2011}
}
@report{Pedley2013,
author = {Pedley, Marc},
journaltitle = {Freescale semiconductor application notes},
pages = {1--22},
title = {{Tilt Sensing Using a Three-Axis Accelerometer}},
year = {2013}
}
@incollection{Huang2012,
author = {Huang, Bin and Wu, Xinhui},
journaltitle = {Advances in Computer Science and Information Engineering: Volume 1},
doi = {10.1007/978-3-642-30126-1_13},
pages = {81--86},
title = {{Pedometer Algorithm Research Based-Matlab}},
year = {2012}
}
@online{XsensCorp,
author = {{Xsens Motion Technologies}},
title = {{Products - Xsens 3D motion tracking}},
url = {https://www.xsens.com/products/},
}
@article{Lange2012,
author = {Lange, Belinda and Koenig, Sebastian and McConnell, Eric and Chang, Chien-Yen and Juang, Rick and Suma, Evan and Bolas, Mark and Rizzo, Albert},
journaltitle = {2012 IEEE Virtual Reality (VR)},
doi = {10.1109/VR.2012.6180935},
month = {mar},
pages = {171--172},
title = {{Interactive game-based rehabilitation using the Microsoft Kinect}},
year = {2012}
}
@article{Jayalath2013,
author = {Jayalath, Sampath and Abhayasinghe, Nimsiri},
journaltitle = {2013 8th International Conference on Computer Science {\&} Education},
doi = {10.1109/ICCSE.2013.6553971},
month = {apr},
number = {October},
pages = {551--555},
title = {{A gyroscopic data based pedometer algorithm}},
year = {2013}
}
@article{Wang2011,
author = {Wang, Wei Zhong and Guo, Yan Wei and Huang, Bang Yu and Zhao, Guo Ru and Liu, Bo Qiang and Wang, Lei},
doi = {10.1109/ISBB.2011.6107697},
journaltitle = {Proceedings of 2011 International Symposium on Bioelectronics and Bioinformatics, ISBB 2011},
pages = {263--266},
title = {{Analysis of filtering methods for 3D acceleration signals in body sensor network}},
year = {2011}
}
